@Inbook{Phon-Amnuaisuk2009,
author="Phon-Amnuaisuk, Somnuk",
editor="Leung, Chi Sing
and Lee, Minho
and Chan, Jonathan H.",
title="Generating Tonal Counterpoint Using Reinforcement Learning",
bookTitle="Neural Information Processing: 16th International Conference, ICONIP 2009, Bangkok, Thailand, December 1-5, 2009, Proceedings, Part I",
year="2009",
publisher="Springer Berlin Heidelberg",
address="Berlin, Heidelberg",
pages="580--589",
isbn="978-3-642-10677-4",
doi="10.1007/978-3-642-10677-4_66",
url="http://dx.doi.org/10.1007/978-3-642-10677-4_66"
}

@book{Sutton1998,
 author = {Sutton, Richard S. and Barto, Andrew G.},
 title = {Introduction to Reinforcement Learning},
 year = {1998},
 isbn = {0262193981},
 edition = {1st},
 publisher = {MIT Press},
 address = {Cambridge, MA, USA},
} 

@Inbook{Boenn2008,
author="Boenn, Georg
and Brain, Martin
and De Vos, Marina
and ffitch, John",
editor="Garcia de la Banda, Maria
and Pontelli, Enrico",
title="Automatic Composition of Melodic and Harmonic Music by Answer Set Programming",
bookTitle="Logic Programming: 24th International Conference, ICLP 2008 Udine, Italy, December 9-13 2008 Proceedings",
year="2008",
publisher="Springer Berlin Heidelberg",
address="Berlin, Heidelberg",
pages="160--174",
isbn="978-3-540-89982-2",
doi="10.1007/978-3-540-89982-2_21",
url="http://dx.doi.org/10.1007/978-3-540-89982-2_21"
}

@Inbook{Smith2012,
author="Smith, Benjamin D.
and Garnett, Guy E.",
editor="Machado, Penousal
and Romero, Juan
and Carballal, Adrian",
title="Reinforcement Learning and the Creative, Automated Music Improviser",
bookTitle="Evolutionary and Biologically Inspired Music, Sound, Art and Design: First International Conference, EvoMUSART 2012, M{\'a}laga, Spain, April 11-13, 2012. Proceedings",
year="2012",
publisher="Springer Berlin Heidelberg",
address="Berlin, Heidelberg",
pages="223--234",
isbn="978-3-642-29142-5",
doi="10.1007/978-3-642-29142-5_20",
url="http://dx.doi.org/10.1007/978-3-642-29142-5_20"
}

@inproceedings{LopezdeMantaras2006,
 author = {Lopez de Mantaras, Ram\'{o}n},
 title = {Making Music with AI: Some Examples},
 booktitle = {Proceedings of the 2006 Conference on Rob Milne: A Tribute to a Pioneering AI Scientist, Entrepreneur and Mountaineer},
 year = {2006},
 isbn = {1-58603-639-4},
 pages = {90--100},
 numpages = {11},
 url = {http://dl.acm.org/citation.cfm?id=1565082.1565089},
 acmid = {1565089},
 publisher = {IOS Press},
 address = {Amsterdam, The Netherlands, The Netherlands},
 keywords = {Artificial Intelligence, Computational Models Of Music},
} 

